<record><leader>00000cas a22000007a 4500</leader><controlfield tag="001">8780347</controlfield><controlfield tag="008">820916d18541893meuwr ne      0   a0eng  </controlfield><datafield ind1=" " ind2=" " tag="010"><subfield code="a">sn 82014355 </subfield></datafield><datafield ind1=" " ind2=" " tag="040"><subfield code="a">DLC</subfield><subfield code="b">eng</subfield><subfield code="c">DLC</subfield><subfield code="d">NPX</subfield><subfield code="d">NPU</subfield><subfield code="d">NPY</subfield><subfield code="d">DLC</subfield><subfield code="d">MBN</subfield><subfield code="d">OCL</subfield><subfield code="d">MBN</subfield><subfield code="d">DLC</subfield><subfield code="d">OCL</subfield><subfield code="d">OCLCG</subfield><subfield code="d">OCLCO</subfield><subfield code="d">OCLCA</subfield><subfield code="d">OCLCF</subfield></datafield><datafield ind1="1" ind2=" " tag="029"><subfield code="a">AU@</subfield><subfield code="b">000020225007</subfield></datafield><datafield ind1=" " ind2=" " tag="042"><subfield code="a">msc</subfield></datafield><datafield ind1=" " ind2=" " tag="043"><subfield code="a">n-us-me</subfield></datafield><datafield ind1="0" ind2="0" tag="050"><subfield code="a">Newspaper 8007-X</subfield></datafield><datafield ind1="0" ind2=" " tag="130"><subfield code="a">American sentinel (Damariscotta, Me.)</subfield></datafield><datafield ind1="0" ind2="0" tag="245"><subfield code="a">American sentinel.</subfield></datafield><datafield ind1=" " ind2=" " tag="260"><subfield code="a">Damariscotta, Me. :</subfield><subfield code="b">Marcus L.M. Hussey,</subfield></datafield><datafield ind1=" " ind2=" " tag="300"><subfield code="a">v. :</subfield><subfield code="b">ill. (chiefly advertisements) ;</subfield><subfield code="c">61-64 cm.</subfield></datafield><datafield ind1=" " ind2=" " tag="310"><subfield code="a">Weekly</subfield></datafield><datafield ind1="0" ind2=" " tag="362"><subfield code="a">Vol. 1, no. 1 (Nov. 30, 1854)-</subfield></datafield><datafield ind1="1" ind2=" " tag="362"><subfield code="a">Ceased in 1893.</subfield></datafield><datafield ind1=" " ind2=" " tag="500"><subfield code="a">"A Social Fireside Companion; Devoted to Politics, Literature and General News."</subfield></datafield><datafield ind1=" " ind2=" " tag="500"><subfield code="a">Published at Bath, Me., Sept. 6, 1855-1893.</subfield></datafield><datafield ind1=" " ind2=" " tag="500"><subfield code="a">Publishers: Marcus L.M. Hussey, 1855; J. Lincoln, Sept. 1855-Aug. 1866; E. Upton &amp; H. Shorey, Dec. 1866-Sept. 1869; W. Whitman, Sept. 1869-Oct. 1870; E. Upton, Oct. 1870-Oct. 1872; E. Upton &amp; Son, Oct. 1872-1886; J. Upton, 1886-1888; Sentinel and Times Pub. Co., Jan. 1889-Jan. 1893; J. Patten, Jan.-Apr. 1893.</subfield></datafield><datafield ind1=" " ind2=" " tag="500"><subfield code="a">Printer: Joseph M. Hayes, 1854-1863.</subfield></datafield><datafield ind1=" " ind2=" " tag="500"><subfield code="a">"Know-nothing" or "American" &lt;1854&gt;; "Republican" 1856-1893. Cf. Griffin, J. Hist. of the press of Me., 1872.</subfield></datafield><datafield ind1=" " ind2=" " tag="500"><subfield code="a">Editors: E.B. French, 1854-1855; J.M. Lincoln, 1855-1866; E. Upton, Dec. 1866-Sept. 1869; W.E.S. Whitman, Sept. 1869-Oct. 1870; E. Upton, Oct. 1870-Oct. 1872; E. Upton &amp; Son, Oct. 1872-1886.</subfield></datafield><datafield ind1=" " ind2=" " tag="580"><subfield code="a">Other eds.: Bath daily sentinel; Semi-weekly sentinel; Daily sentinel and times; Bath daily times.</subfield></datafield><datafield ind1=" " ind2="0" tag="651"><subfield code="a">Damariscotta (Me.)</subfield><subfield code="v">Newspapers.</subfield></datafield><datafield ind1=" " ind2="0" tag="651"><subfield code="a">Bath (Me.)</subfield><subfield code="v">Newspapers.</subfield></datafield><datafield ind1=" " ind2="7" tag="655"><subfield code="a">Newspapers.</subfield><subfield code="2">fast</subfield><subfield code="0">(OCoLC)fst01423814</subfield></datafield><datafield ind1=" " ind2="7" tag="651"><subfield code="a">Maine</subfield><subfield code="z">Bath.</subfield><subfield code="2">fast</subfield><subfield code="0">(OCoLC)fst01210217</subfield></datafield><datafield ind1=" " ind2="7" tag="651"><subfield code="a">Maine</subfield><subfield code="z">Damariscotta.</subfield><subfield code="2">fast</subfield><subfield code="0">(OCoLC)fst01214345</subfield></datafield><datafield ind1="1" ind2=" " tag="700"><subfield code="a">French, Ezra Bartlett,</subfield><subfield code="d">1810-1880.</subfield></datafield><datafield ind1="1" ind2=" " tag="700"><subfield code="a">Lincoln, James M.,</subfield><subfield code="d">1820-1866.</subfield></datafield><datafield ind1="1" ind2=" " tag="700"><subfield code="a">Upton, Elijah,</subfield><subfield code="d">1815-1886.</subfield></datafield><datafield ind1="1" ind2=" " tag="700"><subfield code="a">Whitman, William E. S.</subfield><subfield code="q">(William Edward Seaver),</subfield><subfield code="d">1832-</subfield></datafield><datafield ind1=" " ind2=" " tag="752"><subfield code="a">United States</subfield><subfield code="b">Maine</subfield><subfield code="c">Lincoln</subfield><subfield code="d">Damariscotta.</subfield></datafield><datafield ind1=" " ind2=" " tag="752"><subfield code="a">United States</subfield><subfield code="b">Maine</subfield><subfield code="c">Sagadahoc</subfield><subfield code="d">Bath.</subfield></datafield><datafield ind1="1" ind2=" " tag="775"><subfield code="t">Bath daily sentinel</subfield><subfield code="g">1856</subfield><subfield code="w">(DLC)sn 84022311</subfield></datafield><datafield ind1="1" ind2=" " tag="775"><subfield code="t">Semi-weekly sentinel (Bath, Me.)</subfield><subfield code="g">1860-&lt;1861&gt;</subfield><subfield code="w">(DLCsn 84022312</subfield></datafield><datafield ind1="1" ind2=" " tag="775"><subfield code="t">Daily sentinel and times</subfield><subfield code="g">1862-1869</subfield><subfield code="w">(DLC)sn 82014361</subfield></datafield><datafield ind1="1" ind2=" " tag="775"><subfield code="t">Bath daily times</subfield><subfield code="g">1869-1893</subfield><subfield code="w">(DLC)sn 82014362</subfield></datafield><datafield ind1="0" ind2="5" tag="780"><subfield code="t">Eastern times (Bath, Me. : 1858)</subfield><subfield code="g">1862</subfield><subfield code="w">(DLC)sn 99066547</subfield></datafield><datafield ind1="0" ind2="7" tag="785"><subfield code="t">Independent (Bath, Me.)</subfield></datafield><datafield ind1="0" ind2="7" tag="785"><subfield code="t">Bath independent</subfield></datafield></record>